%% This BibTeX bibliography file was created using BibDesk.
%% http://bibdesk.sourceforge.net/


%% Saved with string encoding Unicode (UTF-8) 



@article{polson1992cognitive,
	Author = {Polson, Peter G and Lewis, Clayton and Rieman, John and Wharton, Cathleen},
	Date-Added = {2018-05-17 14:18:05 +0000},
	Date-Modified = {2018-05-17 14:18:05 +0000},
	Journal = {International Journal of man-machine studies},
	Number = {5},
	Pages = {741--773},
	Publisher = {Elsevier},
	Title = {Cognitive walkthroughs: a method for theory-based evaluation of user interfaces},
	Volume = {36},
	Year = {1992}}

@article{kiers2000towards,
	Author = {Kiers, Henk AL},
	Date-Added = {2018-05-17 14:17:00 +0000},
	Date-Modified = {2018-05-17 14:17:00 +0000},
	Journal = {Journal of chemometrics},
	Number = {3},
	Pages = {105--122},
	Title = {Towards a standardized notation and terminology in multiway analysis},
	Volume = {14},
	Year = {2000}}

@article{hengshan6finding,
	Author = {Hengshan, LI and GIUDICE, Nicholas A},
	Date-Added = {2018-05-17 14:15:59 +0000},
	Date-Modified = {2018-05-17 14:15:59 +0000},
	Journal = {Mariana Belgiu Prototype Entities for Objects to Be Extracted from Earth Observation Data: Towards Developing Transferable Classification Rules GIScience Institute of the Austrian Academy of Science, University of Salzburg 1st Year PhD, supervisor: Josef Strobl, Kristin Stock.................................................. 6},
	Pages = {441},
	Title = {Finding the Optimal Visual Interface for Assisting Seamless Navigation Between Outdoor and Indoor Spaces}}

@article{kuh1993their,
	Author = {Kuh, George D},
	Date-Added = {2018-05-17 14:14:44 +0000},
	Date-Modified = {2018-05-17 14:14:44 +0000},
	Journal = {American Educational Research Journal},
	Number = {2},
	Pages = {277--304},
	Publisher = {Sage Publications},
	Title = {In their own words: What students learn outside the classroom},
	Volume = {30},
	Year = {1993}}

@article{cai2015challenges,
	Author = {Cai, Li and Zhu, Yangyong},
	Date-Added = {2018-05-17 14:13:41 +0000},
	Date-Modified = {2018-05-17 14:13:41 +0000},
	Journal = {Data Science Journal},
	Publisher = {Ubiquity Press},
	Title = {The challenges of data quality and data quality assessment in the big data era},
	Volume = {14},
	Year = {2015}}

@article{sachdev2004relative,
	Author = {Sachdev, Sheetal B and Verma, Harsh V},
	Date-Added = {2018-05-17 14:12:38 +0000},
	Date-Modified = {2018-05-17 14:12:38 +0000},
	Journal = {Journal of services research},
	Number = {1},
	Pages = {93},
	Publisher = {Vedatya Institute},
	Title = {Relative importance of service quality dimensions: a multisectoral study},
	Volume = {4},
	Year = {2004}}

@inproceedings{stockdale2012identifying,
	Author = {Stockdale, Rosemary and Ahmed, Ashir and Scheepers, Helana},
	Booktitle = {PACIS},
	Date-Added = {2018-05-17 14:09:57 +0000},
	Date-Modified = {2018-05-17 14:09:57 +0000},
	Pages = {169},
	Title = {Identifying Business Value From The Use Of Social Media: An Sme Perspective.},
	Year = {2012}}

@article{makina2004impact,
	Author = {Makina, Daniel and Malobola 1, Louisa M},
	Date-Added = {2018-05-17 14:09:04 +0000},
	Date-Modified = {2018-05-17 14:09:04 +0000},
	Journal = {Development Southern Africa},
	Number = {5},
	Pages = {799--814},
	Publisher = {Taylor \& Francis},
	Title = {Impact assessment of microfinance programmes, including lessons from Khula Enterprise Finance},
	Volume = {21},
	Year = {2004}}

@article{chiwanga2016urban,
	Author = {Chiwanga, Faraja S and Njelekela, Marina A and Diamond, Megan B and Bajunirwe, Francis and Guwatudde, David and Nankya-Mutyoba, Joan and Kalyesubula, Robert and Adebamowo, Clement and Ajayi, IkeOluwapo and Reid, Todd G and others},
	Date-Added = {2018-05-17 14:07:11 +0000},
	Date-Modified = {2018-05-17 14:07:11 +0000},
	Journal = {Global health action},
	Number = {1},
	Pages = {31440},
	Publisher = {Taylor \& Francis},
	Title = {Urban and rural prevalence of diabetes and pre-diabetes and risk factors associated with diabetes in Tanzania and Uganda},
	Volume = {9},
	Year = {2016}}

@article{dick2005systematic,
	Author = {Dick, Walter and Carey, Lou and Carey, James O},
	Date-Added = {2018-05-17 14:04:33 +0000},
	Date-Modified = {2018-05-17 14:04:33 +0000},
	Publisher = {Citeseer},
	Title = {The systematic design of instruction},
	Year = {2005}}

@article{price1999commercial,
	Author = {Price, Linda L and Arnould, Eric J},
	Date-Added = {2018-05-17 14:03:36 +0000},
	Date-Modified = {2018-05-17 14:03:36 +0000},
	Journal = {the Journal of Marketing},
	Pages = {38--56},
	Publisher = {JSTOR},
	Title = {Commercial friendships: service provider-client relationships in context},
	Year = {1999}}
